@article{,
	author   = {},
	title    = {},
	journal  = {},
	date     = {},
	keywords = {},
}
@book{Girard 1987,
	author       = {Jean-Yves Girard},
	title        = {Theoretical Computer Science},
	publisher    = {},
	date         = {1987},
	keywords     = {},
}
@online{,
	title        = {},
	organization = {},
	date         = {},
	urldate      = {},
	url          = {},
	keywords     = {},
}