@article{C0,
  title={Design and implementation of Concurrent C0},
  author={Willsey, Max and Prabhu, Rokhini and Pfenning, Frank},
  journal={arXiv preprint arXiv:1701.04929},
  year={2017}
}

@phdthesis{C0Full,
  title={C0, an imperative programming language for novice computer scientists},
  author={Arnold, Rob},
  year={2010},
  school={Masterâ€™s thesis, Department of Computer Science, Carnegie Mellon University}
}

@inproceedings{microsoftConcurrency,
  title={Concurrency at Microsoft: An exploratory survey},
  author={Godefroid, Patrice and Nagappan, Nachiappan},
  booktitle={CAV workshop on exploiting concurrency efficiently and correctly},
  year={2008},
  organization={Princeton, USA}
}

@article{typeChecking,
  title={A controlled experiment to assess the benefits of procedure argument type checking},
  author={Prechelt, Lutz and Tichy, Walter F},
  journal={IEEE Transactions on Software Engineering},
  volume={24},
  number={4},
  pages={302--312},
  year={1998},
  publisher={IEEE}
}

@article{strongTypes,
  title={A framework for the assessment of a first programming language},
  author={Farooq, Muhammad Shoaib and Khan, Sher Afzal and Abid, Adnan},
  journal={Journal of Basic and Applied Scientific Research},
  volume={2},
  number={8},
  pages={8144--8149},
  year={2012}
}

@article{typeSafe,
  title={The problem of teaching object-oriented programming, Part 1: Languages},
  author={K{\"o}lling, Michael},
  journal={Journal of Object-oriented programming},
  volume={11},
  number={8},
  pages={8--15},
  year={1999},
  publisher={SIGS Publications}
}

@article{firstLanguage,
  title={First computer languages},
  author={Howell, Kris},
  journal={Journal of Computing Sciences in Colleges},
  volume={18},
  number={4},
  pages={317--331},
  year={2003},
  publisher={Consortium for Computing Sciences in Colleges}
}

 @misc{Oregon, 
 title={Oregon Programming Languages summer school}, 
 url={https://www.cs.uoregon.edu/research/summerschool/archives.html}, 
 journal={Oregon Programming Languages Summer School | University of Oregon}
 } 

 @misc{popl, 
 title={Principles of Programming Languages (POPL)},
 url={https://www.sigplan.org/Conferences/POPL/}, 
 journal={Principles of Programming Languages (POPL)}
 } 

  @misc{pldi, 
  title={Programming Language Design and Implementation (PLDI)},
  url={https://www.sigplan.org/Conferences/PLDI/}, 
  journal={Programming Language Design and implementation (PLDI)}} 